<record><leader>00000cas a22000007a 4500</leader><controlfield tag="001">15863172</controlfield><controlfield tag="008">870608d18851902iauwr ne      0    0eng d</controlfield><datafield ind1=" " ind2=" " tag="010"><subfield code="a">sn 88059749 </subfield></datafield><datafield ind1=" " ind2=" " tag="040"><subfield code="a">INP</subfield><subfield code="b">eng</subfield><subfield code="c">INP</subfield><subfield code="d">OCLCQ</subfield></datafield><datafield ind1=" " ind2=" " tag="042"><subfield code="a">msc</subfield></datafield><datafield ind1="0" ind2=" " tag="130"><subfield code="a">Oskaloosa times (Oskaloosa, Iowa : 1885)</subfield></datafield><datafield ind1="1" ind2="4" tag="245"><subfield code="a">The Oskaloosa times.</subfield></datafield><datafield ind1=" " ind2=" " tag="260"><subfield code="a">Oskaloosa, Iowa :</subfield><subfield code="b">Times Print. Co.</subfield></datafield><datafield ind1=" " ind2=" " tag="300"><subfield code="a">v.</subfield></datafield><datafield ind1=" " ind2=" " tag="310"><subfield code="a">Weekly,</subfield><subfield code="b">June 22, 1888-1902</subfield></datafield><datafield ind1=" " ind2=" " tag="321"><subfield code="a">Semiweekly,</subfield><subfield code="b">&lt;Mar. 31, 1887&gt;-June 16, 1888</subfield></datafield><datafield ind1="1" ind2=" " tag="362"><subfield code="a">Began July 16, 1885; ceased in 1902.</subfield></datafield><datafield ind1=" " ind2=" " tag="500"><subfield code="a">Publisher varies.</subfield></datafield><datafield ind1=" " ind2=" " tag="515"><subfield code="a">Semiweekly issues have same issue no. each week.</subfield></datafield><datafield ind1=" " ind2=" " tag="580"><subfield code="a">Merged with: Oskaloosa weekly journal, and Oskaloosa daily journal, to form: Times-journal (Oskaloosa, Iowa : Weekly), and Times-journal (Oskaloosa, Iowa : Daily).</subfield></datafield><datafield ind1=" " ind2=" " tag="588"><subfield code="a">Description based on: Vol. 2, no. 30 (Mar. 31, 1887).</subfield></datafield><datafield ind1=" " ind2=" " tag="752"><subfield code="a">United States</subfield><subfield code="b">Iowa</subfield><subfield code="c">Mahaska</subfield><subfield code="d">Oskaloosa.</subfield></datafield><datafield ind1="0" ind2="0" tag="780"><subfield code="t">Labor union (Oskaloosa, Iowa)</subfield></datafield><datafield ind1="0" ind2="4" tag="785"><subfield code="t">Weekly news (Oskaloosa, Iowa)</subfield></datafield><datafield ind1="1" ind2="7" tag="785"><subfield code="t">Oskaloosa weekly journal</subfield></datafield><datafield ind1="1" ind2="7" tag="785"><subfield code="t">Oskaloosa daily journal</subfield></datafield><datafield ind1="1" ind2="7" tag="785"><subfield code="t">Times-journal (Oskaloosa, Iowa : Weekly)</subfield></datafield><datafield ind1="1" ind2="7" tag="785"><subfield code="t">Times-journal (Oskaloosa, Iowa : Daily)</subfield></datafield></record>